<record xmlns="http://www.loc.gov/MARC21/slim" xmlns:xsi="http://www.w3.org/2001/XMLSchema-instance" xsi:schemaLocation="http://www.loc.gov/MARC21/slim http://www.loc.gov/standards/marcxml/schema/MARC21slim.xsd"><leader>02356nam a2200421   4500</leader><controlfield tag="001">001685333</controlfield><controlfield tag="003">NNU</controlfield><controlfield tag="006">m        d        </controlfield><controlfield tag="007">cr cn |||m|||a</controlfield><controlfield tag="008">150223s1960    sy h    ob    001 0 ara d</controlfield><datafield ind1=" " ind2=" " tag="040"><subfield code="a">NNU</subfield><subfield code="b">eng</subfield><subfield code="c">NNU</subfield></datafield><datafield ind1=" " ind2=" " tag="066"><subfield code="c">(3</subfield></datafield><datafield ind1=" " ind2=" " tag="090"><subfield code="a">PJ6696</subfield><subfield code="b">.D3 1960</subfield></datafield><datafield ind1="1" ind2=" " tag="100"><subfield code="6">880-01</subfield><subfield code="a">D&#257;n&#299;, &#699;Uthm&#257;n ibn Sa&#699;&#299;d,</subfield><subfield code="d">981 or 2-1053</subfield></datafield><datafield ind1="1" ind2="3" tag="245"><subfield code="6">880-02</subfield><subfield code="a">al-Mu&#7717;kam f&#299; naq&#7789; al-ma&#7779;&#257;&#7717;if</subfield><subfield code="h">[electronic resource] /</subfield><subfield code="c">allafahu Ab&#363; &#699;Amr &#699;Uthm&#257;n ibn Sa&#699;&#299;d al-D&#257;n&#299; ; &#699;uniya bi-ta&#7717;q&#299;qihi &#699;Izzat &#7716;asan.</subfield></datafield><datafield ind1=" " ind2=" " tag="260"><subfield code="6">880-03</subfield><subfield code="a">Dimashq :</subfield><subfield code="b">Wiz&#257;rat al-Thaq&#257;fah wa-al-Irsh&#257;d al-Qawm&#299; f&#299; al-Iql&#299;m al-S&#363;r&#299;,</subfield><subfield code="c">1960.</subfield></datafield><datafield ind1=" " ind2=" " tag="300"><subfield code="a">online resource (304 p.) :</subfield><subfield code="b">facsims.</subfield></datafield><datafield ind1="1" ind2=" " tag="490"><subfield code="6">880-04</subfield><subfield code="a">Ma&#7789;b&#363;&#699;&#257;t Mud&#299;r&#299;yat I&#7717;y&#257;&#700; al-Tur&#257;th al-Qad&#299;m ;</subfield><subfield code="v">2</subfield></datafield><datafield ind1=" " ind2=" " tag="500"><subfield code="a">Includes errata pages.</subfield></datafield><datafield ind1=" " ind2=" " tag="500"><subfield code="a">Part of the Arabic Collections Online (ACO) project, contributed by New York Univeristy Libraries.</subfield></datafield><datafield ind1=" " ind2=" " tag="504"><subfield code="a">Includes bibliographical references (p. [293]-304) and indexes.</subfield></datafield><datafield ind1=" " ind2=" " tag="533"><subfield code="a">Electronic reproduction.</subfield><subfield code="b">New York, N.Y. :</subfield><subfield code="c">New York University,</subfield><subfield code="d">2015.</subfield><subfield code="5">NNU</subfield></datafield><datafield ind1="0" ind2="0" tag="630"><subfield code="a">Koran</subfield><subfield code="x">Language, style.</subfield></datafield><datafield ind1=" " ind2="0" tag="650"><subfield code="a">Arabic language</subfield><subfield code="x">Vocalization.</subfield></datafield><datafield ind1="1" ind2=" " tag="700"><subfield code="6">880-05</subfield><subfield code="a">&#7716;asan, &#699;Izzat</subfield></datafield><datafield ind1="2" ind2=" " tag="710"><subfield code="a">New York University.</subfield><subfield code="b">Libraries.</subfield></datafield><datafield ind1="0" ind2=" " tag="730"><subfield code="a">Arabic Collections Online.</subfield></datafield><datafield ind1="0" ind2="8" tag="776"><subfield code="i">Print version:</subfield><subfield code="a">D&#257;n&#299;, &#699;Uthm&#257;n ibn Sa&#699;&#299;d, 981 or 2-1053 880-01</subfield><subfield code="t">al-Mu&#7717;kam f&#299; naq&#7789; al-ma&#7779;&#257;&#7717;if</subfield><subfield code="w">(NNU)001685333</subfield><subfield code="w">(DLC)ne 64000257</subfield></datafield><datafield ind1="4" ind2="0" tag="856"><subfield code="u">http://hdl.handle.net/2333.1/t1g1jznm</subfield></datafield><datafield ind1="1" ind2=" " tag="880"><subfield code="6">100-01/</subfield><subfield code="a">&#1583;&#1575;&#1606;&#1609;&#1548; &#1593;&#1579;&#1605;&#1575;&#1606; &#1576;&#1606; &#1587;&#1593;&#1610;&#1583;&#1548;</subfield><subfield code="d">1053-2 or 981.</subfield></datafield><datafield ind1="1" ind2="2" tag="880"><subfield code="6">245-02/</subfield><subfield code="a">&#1575;&#1604;&#1605;&#1581;&#1603;&#1605; &#1601;&#1609; &#1606;&#1602;&#1591; &#1575;&#1604;&#1605;&#1589;&#1575;&#1581;&#1601; /</subfield><subfield code="c">&#1571;&#1604;&#1601;&#1607; &#1571;&#1576;&#1608; &#1593;&#1605;&#1585;&#1608; &#1593;&#1579;&#1605;&#1575;&#1606; &#1576;&#1606; &#1587;&#1593;&#1610;&#1583; &#1575;&#1604;&#1583;&#1575;&#1606;&#1609; &#1563; &#1593;&#1606;&#1609; &#1576;&#1578;&#1581;&#1602;&#1610;&#1602;&#1607; &#1593;&#1586;&#1577; &#1581;&#1587;&#1606;.</subfield></datafield><datafield ind1=" " ind2=" " tag="880"><subfield code="6">260-03/</subfield><subfield code="a">&#1583;&#1605;&#1588;&#1602; :</subfield><subfield code="b">&#1608;&#1586;&#1575;&#1585;&#1577; &#1575;&#1604;&#1579;&#1602;&#1575;&#1601;&#1577; &#1608;&#1575;&#1604;&#1575;&#1585;&#1588;&#1575;&#1583; &#1575;&#1604;&#1602;&#1608;&#1605;&#1609; &#1601;&#1609; &#1575;&#1604;&#1573;&#1602;&#1604;&#1610;&#1605; &#1575;&#1604;&#1587;&#1608;&#1585;&#1609;&#1548;</subfield><subfield code="c">1960.</subfield></datafield><datafield ind1="1" ind2=" " tag="880"><subfield code="6">490-04/</subfield><subfield code="a">&#1605;&#1591;&#1576;&#1608;&#1593;&#1575;&#1578; &#1605;&#1583;&#1610;&#1585;&#1610;&#1577; &#1573;&#1581;&#1610;&#1575;&#1569; &#1575;&#1604;&#1578;&#1585;&#1575;&#1579; &#1575;&#1604;&#1602;&#1583;&#1610;&#1605; &#1563;</subfield><subfield code="v">2</subfield></datafield><datafield ind1="1" ind2=" " tag="880"><subfield code="6">700-05/</subfield><subfield code="a">&#1581;&#1587;&#1606;&#1548; &#1593;&#1586;&#1577;.</subfield></datafield><datafield ind1=" " ind2="0" tag="830"><subfield code="6">880-06</subfield><subfield code="a">Syria.</subfield><subfield code="p">Mud&#299;r&#299;yat I&#7717;y&#257;&#700; al-Tur&#257;th al-Qad&#299;m, Ma&#7789;b&#363;&#699;&#257;t ;</subfield><subfield code="v">2.</subfield></datafield><datafield ind1=" " ind2="0" tag="880"><subfield code="6">830-06/</subfield><subfield code="a">&#1587;&#1608;&#1585;&#1610;&#1575;.</subfield><subfield code="p">&#1605;&#1583;&#1610;&#1585;&#1610;&#1577; &#1575;&#1581;&#1610;&#1575;&#1569; &#1575;&#1604;&#1578;&#1585;&#1575;&#1579; &#1575;&#1604;&#1602;&#1583;&#1610;&#1605;&#1548; &#1605;&#1591;&#1576;&#1608;&#1593;&#1575;&#1578; &#1563;</subfield><subfield code="v">2.</subfield></datafield><datafield ind1=" " ind2=" " tag="959"><subfield code="a">NNU</subfield><subfield code="b">WEB</subfield><subfield code="c">GENI</subfield><subfield code="t">0</subfield><subfield code="m">Electronic access</subfield><subfield code="s">01</subfield></datafield><datafield ind1=" " ind2=" " tag="999"><subfield code="i">NNU_001685333</subfield><subfield code="s">nyu_aco000269</subfield></datafield></record>